@ARTICLE{2015ApJS..216...31Z,
   author = {{Zingale}, M. and {Katz}, M.~P.},
    title = "{On the Piecewise Parabolic Method for Compressible Flow With Stellar Equations of State}",
  journal = {\apjs},
archivePrefix = "arXiv",
   eprint = {1501.01923},
 primaryClass = "astro-ph.IM",
 keywords = {hydrodynamics, methods: numerical},
     year = 2015,
    month = "feb",
   volume = 216,
      eid = {31},
    pages = {31},
      doi = {10.1088/0067-0049/216/2/31},
   adsurl = {http://adsabs.harvard.edu/abs/2015ApJS..216...31Z},
  adsnote = {Provided by the SAO/NASA Astrophysics Data System},
  subject = {algorithm}
}


@ARTICLE{2015ApJ...800...10D,
   author = {{Dolence}, J.~C. and {Burrows}, A. and {Zhang}, W.},
    title = "{Two-dimensional Core-collapse Supernova Models with Multi-dimensional Transport}",
  journal = {\apj},
archivePrefix = "arXiv",
   eprint = {1403.6115},
 primaryClass = "astro-ph.SR",
 keywords = {supernovae: general, hydrodynamics, neutrinos, stars: interiors },
     year = 2015,
    month = "feb",
   volume = 800,
      eid = {10},
    pages = {10},
      doi = {10.1088/0004-637X/800/1/10},
   adsurl = {http://adsabs.harvard.edu/abs/2015ApJ...800...10D},
  adsnote = {Provided by the SAO/NASA Astrophysics Data System},
  subject = {core-collapse supernovae}
}


@ARTICLE{2014ApJ...792...44C,
   author = {{Chen}, K.-J. and {Heger}, A. and {Woosley}, S. and {Almgren}, A. and 
	{Whalen}, D.~J.},
    title = "{Pair Instability Supernovae of Very Massive Population III Stars}",
  journal = {\apj},
archivePrefix = "arXiv",
   eprint = {1402.5960},
 primaryClass = "astro-ph.HE",
 keywords = {cosmology: theory, early universe, galaxies: formation, galaxies: high-redshift, hydrodynamics, quasars: supermassive black holes, stars: early-type, supernovae: general},
     year = 2014,
    month = "sep",
   volume = 792,
      eid = {44},
    pages = {44},
      doi = {10.1088/0004-637X/792/1/44},
   adsurl = {http://adsabs.harvard.edu/abs/2014ApJ...792...44C},
  adsnote = {Provided by the SAO/NASA Astrophysics Data System},
  subject = {pair-instability/pop III supernovae}
}


@ARTICLE{2014ApJ...790..162C,
   author = {{Chen}, K.-J. and {Heger}, A. and {Woosley}, S. and {Almgren}, A. and 
	{Whalen}, D.~J. and {Johnson}, J.~L.},
    title = "{The General Relativistic Instability Supernova of a Supermassive Population III Star}",
  journal = {\apj},
archivePrefix = "arXiv",
   eprint = {1402.4777},
 primaryClass = "astro-ph.HE",
 keywords = {cosmology: theory, early universe, galaxies: formation, galaxies: high-redshift, hydrodynamics, quasars: supermassive black holes, shock waves, stars: early-type, supernovae: general},
     year = 2014,
    month = "aug",
   volume = 790,
      eid = {162},
    pages = {162},
      doi = {10.1088/0004-637X/790/2/162},
   adsurl = {http://adsabs.harvard.edu/abs/2014ApJ...790..162C},
  adsnote = {Provided by the SAO/NASA Astrophysics Data System},
  subject = {pair-instability/pop III supernovae}
}


@ARTICLE{2014ApJ...782...11M,
   author = {{Malone}, C.~M. and {Nonaka}, A. and {Woosley}, S.~E. and {Almgren}, A.~S. and 
	{Bell}, J.~B. and {Dong}, S. and {Zingale}, M.},
    title = "{The Deflagration Stage of Chandrasekhar Mass Models for Type Ia Supernovae. I. Early Evolution}",
  journal = {\apj},
archivePrefix = "arXiv",
   eprint = {1309.4042},
 primaryClass = "astro-ph.SR",
 keywords = {convection, hydrodynamics, methods: numerical, nuclear reactions, nucleosynthesis, abundances, supernovae: general, white dwarfs},
     year = 2014,
    month = "feb",
   volume = 782,
      eid = {11},
    pages = {11},
      doi = {10.1088/0004-637X/782/1/11},
   adsurl = {http://adsabs.harvard.edu/abs/2014ApJ...782...11M},
  adsnote = {Provided by the SAO/NASA Astrophysics Data System},
  subject = {Type Ia supernovae&mdash;Chandra model}
}


@ARTICLE{2013ApJ...778...17W,
   author = {{Whalen}, D.~J. and {Even}, W. and {Smidt}, J. and {Heger}, A. and 
	{Chen}, K.-J. and {Fryer}, C.~L. and {Stiavelli}, M. and {Xu}, H. and 
	{Joggerst}, C.~C.},
    title = "{Supermassive Population III Supernovae and the Birth of the First Quasars}",
  journal = {\apj},
archivePrefix = "arXiv",
   eprint = {1211.1815},
 keywords = {black hole physics, cosmology: theory, early universe, galaxies: formation, galaxies: high-redshift, hydrodynamics, radiative transfer, stars: early-type, supernovae: general},
     year = 2013,
    month = "nov",
   volume = 778,
      eid = {17},
    pages = {17},
      doi = {10.1088/0004-637X/778/1/17},
   adsurl = {http://adsabs.harvard.edu/abs/2013ApJ...778...17W},
  adsnote = {Provided by the SAO/NASA Astrophysics Data System},
  subject = {pair-instability/pop III supernovae}
}


@ARTICLE{2013ApJ...774..137M,
   author = {{Moll}, R. and {Woosley}, S.~E.},
    title = "{Multi-dimensional Models for Double Detonation in Sub-Chandrasekhar Mass White Dwarfs}",
  journal = {\apj},
archivePrefix = "arXiv",
   eprint = {1303.0324},
 primaryClass = "astro-ph.HE",
 keywords = {hydrodynamics, nuclear reactions, nucleosynthesis, abundances, shock waves, supernovae: general, white dwarfs },
     year = 2013,
    month = "sep",
   volume = 774,
      eid = {137},
    pages = {137},
      doi = {10.1088/0004-637X/774/2/137},
   adsurl = {http://adsabs.harvard.edu/abs/2013ApJ...774..137M},
  adsnote = {Provided by the SAO/NASA Astrophysics Data System},
  subject = {Type Ia supernovae&mdash;sub-Chandra model}
}


@ARTICLE{2013ApJ...771...58M,
   author = {{Ma}, H. and {Woosley}, S.~E. and {Malone}, C.~M. and {Almgren}, A. and 
	{Bell}, J.},
    title = "{Carbon Deflagration in Type Ia Supernova. I. Centrally Ignited Models}",
  journal = {\apj},
archivePrefix = "arXiv",
   eprint = {1305.2433},
 primaryClass = "astro-ph.HE",
 keywords = {hydrodynamics, instabilities, nuclear reactions, nucleosynthesis, abundances, supernovae: general, turbulence, white dwarfs},
     year = 2013,
    month = "jul",
   volume = 771,
      eid = {58},
    pages = {58},
      doi = {10.1088/0004-637X/771/1/58},
   adsurl = {http://adsabs.harvard.edu/abs/2013ApJ...771...58M},
  adsnote = {Provided by the SAO/NASA Astrophysics Data System},
  subject = {Type Ia supernovae&mdash;Chandra model}
}


@ARTICLE{2013ApJ...771...52M,
   author = {{Murphy}, J.~W. and {Dolence}, J.~C. and {Burrows}, A.},
    title = "{The Dominance of Neutrino-driven Convection in Core-collapse Supernovae}",
  journal = {\apj},
archivePrefix = "arXiv",
   eprint = {1205.3491},
 primaryClass = "astro-ph.SR",
 keywords = {convection, hydrodynamics, instabilities, methods: analytical, methods: numerical, shock waves, supernovae: general, turbulence },
     year = 2013,
    month = "jul",
   volume = 771,
      eid = {52},
    pages = {52},
      doi = {10.1088/0004-637X/771/1/52},
   adsurl = {http://adsabs.harvard.edu/abs/2013ApJ...771...52M},
  adsnote = {Provided by the SAO/NASA Astrophysics Data System},
  subject = {core-collapse supernovae}
}


@ARTICLE{2013ApJ...769..109L,
   author = {{Lovegrove}, E. and {Woosley}, S.~E.},
    title = "{Very Low Energy Supernovae from Neutrino Mass Loss}",
  journal = {\apj},
archivePrefix = "arXiv",
   eprint = {1303.5055},
 primaryClass = "astro-ph.HE",
 keywords = {black hole physics, shock waves, stars: massive, stars: neutron, supernovae: general},
     year = 2013,
    month = "jun",
   volume = 769,
      eid = {109},
    pages = {109},
      doi = {10.1088/0004-637X/769/2/109},
   adsurl = {http://adsabs.harvard.edu/abs/2013ApJ...769..109L},
  adsnote = {Provided by the SAO/NASA Astrophysics Data System},
  subject = {low-energy supernovae}
}


@ARTICLE{2013ApJ...768...95W,
   author = {{Whalen}, D.~J. and {Joggerst}, C.~C. and {Fryer}, C.~L. and 
	{Stiavelli}, M. and {Heger}, A. and {Holz}, D.~E.},
    title = "{Finding the First Cosmic Explosions. II. Core-collapse Supernovae}",
  journal = {\apj},
archivePrefix = "arXiv",
   eprint = {1209.5459},
 keywords = {early universe, galaxies: high-redshift, hydrodynamics, radiative transfer, shock waves, stars: early-type, supernovae: general},
     year = 2013,
    month = "may",
   volume = 768,
      eid = {95},
    pages = {95},
      doi = {10.1088/0004-637X/768/1/95},
   adsurl = {http://adsabs.harvard.edu/abs/2013ApJ...768...95W},
  adsnote = {Provided by the SAO/NASA Astrophysics Data System},
  subject = {pair-instability/pop III supernovae}
}


@ARTICLE{2013ApJ...765..110D,
   author = {{Dolence}, J.~C. and {Burrows}, A. and {Murphy}, J.~W. and {Nordhaus}, J.
	},
    title = "{Dimensional Dependence of the Hydrodynamics of Core-collapse Supernovae}",
  journal = {\apj},
archivePrefix = "arXiv",
   eprint = {1210.5241},
 primaryClass = "astro-ph.SR",
 keywords = {hydrodynamics, neutrinos, stars: interiors, supernovae: general },
     year = 2013,
    month = "mar",
   volume = 765,
      eid = {110},
    pages = {110},
      doi = {10.1088/0004-637X/765/2/110},
   adsurl = {http://adsabs.harvard.edu/abs/2013ApJ...765..110D},
  adsnote = {Provided by the SAO/NASA Astrophysics Data System},
  subject = {core-collapse supernovae}
}


@ARTICLE{2013ApJS..204....7Z,
   author = {{Zhang}, W. and {Howell}, L. and {Almgren}, A. and {Burrows}, A. and 
	{Dolence}, J. and {Bell}, J.},
    title = "{CASTRO: A New Compressible Astrophysical Solver. III. Multigroup Radiation Hydrodynamics}",
  journal = {\apjs},
archivePrefix = "arXiv",
   eprint = {1207.3845},
 primaryClass = "astro-ph.IM",
 keywords = {diffusion, hydrodynamics, methods: numerical, radiative transfer },
     year = 2013,
    month = "jan",
   volume = 204,
      eid = {7},
    pages = {7},
      doi = {10.1088/0067-0049/204/1/7},
   adsurl = {http://adsabs.harvard.edu/abs/2013ApJS..204....7Z},
  adsnote = {Provided by the SAO/NASA Astrophysics Data System},
  subject = {algorithm}
}


@ARTICLE{2012ApJ...759....5B,
   author = {{Burrows}, A. and {Dolence}, J.~C. and {Murphy}, J.~W.},
    title = "{An Investigation into the Character of Pre-explosion Core-collapse Supernova Shock Motion}",
  journal = {\apj},
archivePrefix = "arXiv",
   eprint = {1204.3088},
 primaryClass = "astro-ph.SR",
 keywords = {hydrodynamics, neutrinos, stars: interiors, supernovae: general},
     year = 2012,
    month = "nov",
   volume = 759,
      eid = {5},
    pages = {5},
      doi = {10.1088/0004-637X/759/1/5},
   adsurl = {http://adsabs.harvard.edu/abs/2012ApJ...759....5B},
  adsnote = {Provided by the SAO/NASA Astrophysics Data System},
  subject = {core-collapse supernovae}
}


@ARTICLE{2012MNRAS.423.1805N,
   author = {{Nordhaus}, J. and {Brandt}, T.~D. and {Burrows}, A. and {Almgren}, A.
	},
    title = "{The hydrodynamic origin of neutron star kicks}",
  journal = {\mnras},
archivePrefix = "arXiv",
   eprint = {1112.3342},
 primaryClass = "astro-ph.SR",
 keywords = {hydrodynamics, stars: interiors, stars: neutron, pulsars: general, supernovae: general},
     year = 2012,
    month = "jun",
   volume = 423,
    pages = {1805-1812},
      doi = {10.1111/j.1365-2966.2012.21002.x},
   adsurl = {http://adsabs.harvard.edu/abs/2012MNRAS.423.1805N},
  adsnote = {Provided by the SAO/NASA Astrophysics Data System},
  subject = {core-collapse supernovae}
}


@ARTICLE{2011ApJS..196...20Z,
   author = {{Zhang}, W. and {Howell}, L. and {Almgren}, A. and {Burrows}, A. and 
	{Bell}, J.},
    title = "{CASTRO: A New Compressible Astrophysical Solver. II. Gray Radiation Hydrodynamics}",
  journal = {\apjs},
archivePrefix = "arXiv",
   eprint = {1105.2466},
 primaryClass = "astro-ph.IM",
 keywords = {diffusion, hydrodynamics, methods: numerical, radiative transfer},
     year = 2011,
    month = "oct",
   volume = 196,
      eid = {20},
    pages = {20},
      doi = {10.1088/0067-0049/196/2/20},
   adsurl = {http://adsabs.harvard.edu/abs/2011ApJS..196...20Z},
  adsnote = {Provided by the SAO/NASA Astrophysics Data System},
  subject = {algorithm}
}


@ARTICLE{2011CoPhC.182.1764B,
   author = {{Burrows}, A. and {Nordhaus}, J. and {Almgren}, A. and {Bell}, J.
	},
    title = "{The potential role of spatial dimension in the neutrino-driving mechanism of core-collapse supernova explosions}",
  journal = {Computer Physics Communications},
     year = 2011,
    month = "sep",
   volume = 182,
    pages = {1764-1766},
      doi = {10.1016/j.cpc.2010.10.014},
   adsurl = {http://adsabs.harvard.edu/abs/2011CoPhC.182.1764B},
  adsnote = {Provided by the SAO/NASA Astrophysics Data System},
  subject = {core-collapse supernovae}
}


@ARTICLE{2011ApJ...738...94A,
   author = {{Aspden}, A.~J. and {Bell}, J.~B. and {Dong}, S. and {Woosley}, S.~E.
	},
    title = "{Burning Thermals in Type Ia Supernovae}",
  journal = {\apj},
archivePrefix = "arXiv",
   eprint = {1108.3601},
 primaryClass = "astro-ph.HE",
 keywords = {hydrodynamics, methods: numerical, supernovae: general, turbulence, white dwarfs},
     year = 2011,
    month = "sep",
   volume = 738,
      eid = {94},
    pages = {94},
      doi = {10.1088/0004-637X/738/1/94},
   adsurl = {http://adsabs.harvard.edu/abs/2011ApJ...738...94A},
  adsnote = {Provided by the SAO/NASA Astrophysics Data System},
  subject = {Type Ia supernovae&mdash;Chandra model}
}


@ARTICLE{2011ApJ...732...57R,
   author = {{Rantsiou}, E. and {Burrows}, A. and {Nordhaus}, J. and {Almgren}, A.
	},
    title = "{Induced Rotation in Three-dimensional Simulations of Core-collapse Supernovae: Implications for Pulsar Spins}",
  journal = {\apj},
archivePrefix = "arXiv",
   eprint = {1010.5238},
 primaryClass = "astro-ph.HE",
 keywords = {hydrodynamics, pulsars: general, supernovae: general},
     year = 2011,
    month = "may",
   volume = 732,
      eid = {57},
    pages = {57},
      doi = {10.1088/0004-637X/732/1/57},
   adsurl = {http://adsabs.harvard.edu/abs/2011ApJ...732...57R},
  adsnote = {Provided by the SAO/NASA Astrophysics Data System},
  subject = {core-collapse supernovae}
}


@ARTICLE{2011ApJ...728..129J,
   author = {{Joggerst}, C.~C. and {Whalen}, D.~J.},
    title = "{The Early Evolution of Primordial Pair-instability Supernovae}",
  journal = {\apj},
archivePrefix = "arXiv",
   eprint = {1010.4360},
 keywords = {early universe, supernovae: general},
     year = 2011,
    month = "feb",
   volume = 728,
      eid = {129},
    pages = {129},
      doi = {10.1088/0004-637X/728/2/129},
   adsurl = {http://adsabs.harvard.edu/abs/2011ApJ...728..129J},
  adsnote = {Provided by the SAO/NASA Astrophysics Data System},
  subject = {pair-instability/pop III supernovae}
}


@ARTICLE{2010ApJ...723..353J,
   author = {{Joggerst}, C.~C. and {Almgren}, A. and {Woosley}, S.~E.},
    title = "{Three-dimensional Simulations of Rayleigh-Taylor Mixing in Core-collapse Supernovae with Castro}",
  journal = {\apj},
archivePrefix = "arXiv",
   eprint = {1009.3336},
 primaryClass = "astro-ph.HE",
 keywords = {hydrodynamics, instabilities, supernovae: general},
     year = 2010,
    month = "nov",
   volume = 723,
    pages = {353-363},
      doi = {10.1088/0004-637X/723/1/353},
   adsurl = {http://adsabs.harvard.edu/abs/2010ApJ...723..353J},
  adsnote = {Provided by the SAO/NASA Astrophysics Data System},
  subject = {core-collapse supernovae}
}


@ARTICLE{2010ApJ...720..694N,
   author = {{Nordhaus}, J. and {Burrows}, A. and {Almgren}, A. and {Bell}, J.
	},
    title = "{Dimension as a Key to the Neutrino Mechanism of Core-collapse Supernova Explosions}",
  journal = {\apj},
archivePrefix = "arXiv",
   eprint = {1006.3792},
 primaryClass = "astro-ph.SR",
 keywords = {hydrodynamics, neutrinos, stars: interiors, supernovae: general},
     year = 2010,
    month = "sep",
   volume = 720,
    pages = {694-703},
      doi = {10.1088/0004-637X/720/1/694},
   adsurl = {http://adsabs.harvard.edu/abs/2010ApJ...720..694N},
  adsnote = {Provided by the SAO/NASA Astrophysics Data System},
  subject = {core-collapse supernovae}
}


@ARTICLE{2010arXiv1008.2801A,
   author = {{Almgren}, A. and {Bell}, J. and {Kasen}, D. and {Lijewski}, M. and 
	{Nonaka}, A. and {Nugent}, P. and {Rendleman}, C. and {Thomas}, R. and 
	{Zingale}, M.},
    title = "{MAESTRO, CASTRO, and SEDONA -- Petascale Codes for Astrophysical Applications}",
  journal = {ArXiv e-prints},
archivePrefix = "arXiv",
   eprint = {1008.2801},
 primaryClass = "astro-ph.IM",
 keywords = {Astrophysics - Instrumentation and Methods for Astrophysics},
     year = 2010,
    month = "aug",
   adsurl = {http://adsabs.harvard.edu/abs/2010arXiv1008.2801A},
  adsnote = {Provided by the SAO/NASA Astrophysics Data System},
  subject = {algorithm}
}


@ARTICLE{2010ApJ...715.1221A,
   author = {{Almgren}, A.~S. and {Beckner}, V.~E. and {Bell}, J.~B. and 
	{Day}, M.~S. and {Howell}, L.~H. and {Joggerst}, C.~C. and {Lijewski}, M.~J. and 
	{Nonaka}, A. and {Singer}, M. and {Zingale}, M.},
    title = "{CASTRO: A New Compressible Astrophysical Solver. I. Hydrodynamics and Self-gravity}",
  journal = {\apj},
archivePrefix = "arXiv",
   eprint = {1005.0114},
 primaryClass = "astro-ph.IM",
 keywords = {equation of state, gravitation, hydrodynamics, methods: numerical, nuclear reactions, nucleosynthesis, abundances},
     year = 2010,
    month = "jun",
   volume = 715,
    pages = {1221-1238},
      doi = {10.1088/0004-637X/715/2/1221},
   adsurl = {http://adsabs.harvard.edu/abs/2010ApJ...715.1221A},
  adsnote = {Provided by the SAO/NASA Astrophysics Data System},
  subject = {algorithm}
}


@ARTICLE{2016ApJ...819...94K,
   author = {{Katz}, M.~P. and {Zingale}, M. and {Calder}, A.~C. and {Swesty}, F.~D. and 
	{Almgren}, A.~S. and {Zhang}, W.},
    title = "{White Dwarf Mergers on Adaptive Meshes. I. Methodology and Code Verification}",
  journal = {\apj},
archivePrefix = "arXiv",
   eprint = {1512.06099},
 primaryClass = "astro-ph.HE",
 keywords = {hydrodynamics, methods: numerical, supernovae: general, white dwarfs},
     year = 2016,
    month = "mar",
   volume = 819,
      eid = {94},
    pages = {94},
      doi = {10.3847/0004-637X/819/2/94},
   adsurl = {http://adsabs.harvard.edu/abs/2016ApJ...819...94K},
  adsnote = {Provided by the SAO/NASA Astrophysics Data System},
  subject = {Type Ia supernovae&mdash;mergers and collisions}
}


@ARTICLE{2016ApJ...832...73C,
   author = {{Chen}, K.-J. and {Woosley}, S.~E. and {Sukhbold}, T.},
    title = "{Magnetar-Powered Supernovae in Two Dimensions. I. Superluminous Supernovae}",
  journal = {\apj},
archivePrefix = "arXiv",
   eprint = {1604.07989},
 primaryClass = "astro-ph.HE",
 keywords = {hydrodynamics, instabilities, shock waves, stars: magnetars, stars: winds, outflows, supernovae: general },
     year = 2016,
    month = "nov",
   volume = 832,
      eid = {73},
    pages = {73},
      doi = {10.3847/0004-637X/832/1/73},
   adsurl = {http://adsabs.harvard.edu/abs/2016ApJ...832...73C},
  adsnote = {Provided by the SAO/NASA Astrophysics Data System},
  subject = {magnetar supernovae}
}


@ARTICLE{2017MNRAS.467.4731C,
   author = {{Chen}, K.-J. and {Heger}, A. and {Whalen}, D.~J. and {Moriya}, T.~J. and 
	{Bromm}, V. and {Woosley}, S.~E.},
    title = "{Low-energy Population III supernovae and the origin of extremely metal-poor stars}",
  journal = {\mnras},
archivePrefix = "arXiv",
   eprint = {1601.06896},
 primaryClass = "astro-ph.HE",
 keywords = {hydrodynamics, instabilities, stars: early-type, stars: Population III, supe-rnovae: general, cosmology: theory},
     year = 2017,
    month = "jun",
   volume = 467,
    pages = {4731-4738},
      doi = {10.1093/mnras/stx470},
   adsurl = {http://adsabs.harvard.edu/abs/2017MNRAS.467.4731C},
  adsnote = {Provided by the SAO/NASA Astrophysics Data System},
  subject = {pair-instability/pop III supernovae}
}


@INPROCEEDINGS{2015ASPC..498...47C,
   author = {{Chen}, K.-J. and {Heger}, A. and {Woosley}, S. and {Almgren}, A. and 
	{Whalen}, D.~J.},
    title = "{Pair-Instability Supernovae of Non-Zero Metallicity Stars}",
booktitle = {Numerical Modeling of Space Plasma Flows ASTRONUM-2014},
     year = 2015,
   series = {Astronomical Society of the Pacific Conference Series},
   volume = 498,
archivePrefix = "arXiv",
   eprint = {1407.7550},
 primaryClass = "astro-ph.HE",
   editor = {{Pogorelov}, N.~V. and {Audit}, E. and {Zank}, G.~P.},
    month = "oct",
    pages = {47},
   adsurl = {http://adsabs.harvard.edu/abs/2015ASPC..498...47C},
  adsnote = {Provided by the SAO/NASA Astrophysics Data System},
  subject = {pair-instability/pop III supernovae}
}


@ARTICLE{2014ApJ...797....9W,
   author = {{Whalen}, D.~J. and {Smidt}, J. and {Heger}, A. and {Hirschi}, R. and 
	{Yusof}, N. and {Even}, W. and {Fryer}, C.~L. and {Stiavelli}, M. and 
	{Chen}, K.-J. and {Joggerst}, C.~C.},
    title = "{Pair-instability Supernovae in the Local Universe}",
  journal = {\apj},
archivePrefix = "arXiv",
   eprint = {1312.5360},
 primaryClass = "astro-ph.HE",
 keywords = {cosmology: theory, early universe, galaxies: high-redshift, stars: early-type, supernovae: general, supernovae: individual: SN 2007bi},
     year = 2014,
    month = "dec",
   volume = 797,
      eid = {9},
    pages = {9},
      doi = {10.1088/0004-637X/797/1/9},
   adsurl = {http://adsabs.harvard.edu/abs/2014ApJ...797....9W},
  adsnote = {Provided by the SAO/NASA Astrophysics Data System},
  subject = {pair-instability/pop III supernovae}
}


@ARTICLE{2015MPLA...3030002C,
   author = {{Chen}, K.-J.},
    title = "{Pair-instability supernovae of fast rotating stars}",
  journal = {Modern Physics Letters A},
archivePrefix = "arXiv",
   eprint = {1501.06953},
 primaryClass = "astro-ph.HE",
 keywords = {Stars: supernovae, nuclear reactions, stars: Population III, fluid instabilities},
     year = 2015,
    month = "jan",
   volume = 30,
      eid = {1530002},
    pages = {1530002},
      doi = {10.1142/S0217732315300025},
   adsurl = {http://adsabs.harvard.edu/abs/2015MPLA...3030002C},
  adsnote = {Provided by the SAO/NASA Astrophysics Data System},
  subject = {pair-instability/pop III supernovae}
}


@ARTICLE{2014IJMPD..2330008C,
   author = {{Chen}, K.-J.},
    title = "{Supernovae at the cosmic dawn}",
  journal = {International Journal of Modern Physics D},
archivePrefix = "arXiv",
   eprint = {1407.7561},
 primaryClass = "astro-ph.HE",
 keywords = {Cosmology, supernovae, the early universe, Pop III star, Supernovae, Origin and formation of the Universe, Origin formation and abundances of the elements},
     year = 2014,
    month = "mar",
   volume = 23,
      eid = {1430008},
    pages = {1430008},
      doi = {10.1142/S0218271814300080},
   adsurl = {http://adsabs.harvard.edu/abs/2014IJMPD..2330008C},
  adsnote = {Provided by the SAO/NASA Astrophysics Data System},
  subject = {pair-instability/pop III supernovae}
}


@ARTICLE{2014ApJ...797...97S,
   author = {{Smidt}, J. and {Whalen}, D.~J. and {Wiggins}, B.~K. and {Even}, W. and 
	{Johnson}, J.~L. and {Fryer}, C.~L.},
    title = "{Population III Hypernovae}",
  journal = {\apj},
archivePrefix = "arXiv",
   eprint = {1401.5837},
 keywords = {black hole physics, cosmology: theory, early universe, galaxies: high-redshift, hydrodynamics, quasars: general, radiative transfer, stars: early-type, supernovae: general},
     year = 2014,
    month = "dec",
   volume = 797,
      eid = {97},
    pages = {97},
      doi = {10.1088/0004-637X/797/2/97},
   adsurl = {http://adsabs.harvard.edu/abs/2014ApJ...797...97S},
  adsnote = {Provided by the SAO/NASA Astrophysics Data System},
  subject = {pair-instability/pop III supernovae}
}


@ARTICLE{2014JCoPh.275..154J,
   author = {{Joggerst}, C.~C. and {Nelson}, A. and {Woodward}, P. and {Lovekin}, C. and 
	{Masser}, T. and {Fryer}, C.~L. and {Ramaprabhu}, P. and {Francois}, M. and 
	{Rockefeller}, G.},
    title = "{Cross-code comparisons of mixing during the implosion of dense cylindrical and spherical shells}",
  journal = {Journal of Computational Physics},
     year = 2014,
    month = "oct",
   volume = 275,
    pages = {154-173},
      doi = {10.1016/j.jcp.2014.06.037},
   adsurl = {http://adsabs.harvard.edu/abs/2014JCoPh.275..154J},
  adsnote = {Provided by the SAO/NASA Astrophysics Data System},
  subject = {V&amp;V}
}


@ARTICLE{2014ApJ...792...28C,
   author = {{Chen}, K.-J. and {Woosley}, S. and {Heger}, A. and {Almgren}, A. and 
	{Whalen}, D.~J.},
    title = "{Two-dimensional Simulations of Pulsational Pair-instability Supernovae}",
  journal = {\apj},
archivePrefix = "arXiv",
   eprint = {1402.4134},
 primaryClass = "astro-ph.HE",
 keywords = {early universe, hydrodynamics, instabilities, shock waves, stars: massive, supernovae: general},
     year = 2014,
    month = "sep",
   volume = 792,
      eid = {28},
    pages = {28},
      doi = {10.1088/0004-637X/792/1/28},
   adsurl = {http://adsabs.harvard.edu/abs/2014ApJ...792...28C},
  adsnote = {Provided by the SAO/NASA Astrophysics Data System},
  subject = {pair-instability/pop III supernovae}
}


@ARTICLE{2014ApJ...788...75R,
   author = {{Raskin}, C. and {Kasen}, D. and {Moll}, R. and {Schwab}, J. and 
	{Woosley}, S.},
    title = "{Type Ia Supernovae from Merging White Dwarfs. II. Post-merger Detonations}",
  journal = {\apj},
archivePrefix = "arXiv",
   eprint = {1312.3649},
 primaryClass = "astro-ph.HE",
 keywords = {hydrodynamics, nuclear reactions, nucleosynthesis, abundances, supernovae: general, white dwarfs},
     year = 2014,
    month = "jun",
   volume = 788,
      eid = {75},
    pages = {75},
      doi = {10.1088/0004-637X/788/1/75},
   adsurl = {http://adsabs.harvard.edu/abs/2014ApJ...788...75R},
  adsnote = {Provided by the SAO/NASA Astrophysics Data System},
  subject = {Type Ia supernovae&mdash;mergers and collisions}
}


@ARTICLE{2014ApJ...785..105M,
   author = {{Moll}, R. and {Raskin}, C. and {Kasen}, D. and {Woosley}, S.~E.
	},
    title = "{Type Ia Supernovae from Merging White Dwarfs. I. Prompt Detonations}",
  journal = {\apj},
archivePrefix = "arXiv",
   eprint = {1311.5008},
 primaryClass = "astro-ph.HE",
 keywords = {hydrodynamics, nuclear reactions, nucleosynthesis, abundances, shock waves, supernovae: general, white dwarfs},
     year = 2014,
    month = "apr",
   volume = 785,
      eid = {105},
    pages = {105},
      doi = {10.1088/0004-637X/785/2/105},
   adsurl = {http://adsabs.harvard.edu/abs/2014ApJ...785..105M},
  adsnote = {Provided by the SAO/NASA Astrophysics Data System},
  subject = {Type Ia supernovae&mdash;mergers and collisions}
}


@ARTICLE{2013A&C.....3...70C,
   author = {{Chen}, K.-J. and {Heger}, A. and {Almgren}, A.~S.},
    title = "{Numerical approaches for multidimensional simulations of stellar explosions}",
  journal = {Astronomy and Computing},
archivePrefix = "arXiv",
   eprint = {1204.4842},
 primaryClass = "astro-ph.HE",
     year = 2013,
    month = "nov",
   volume = 3,
    pages = {70-78},
      doi = {10.1016/j.ascom.2014.01.001},
   adsurl = {http://adsabs.harvard.edu/abs/2013A%26C.....3...70C},
  adsnote = {Provided by the SAO/NASA Astrophysics Data System},
  subject = {algorithm}
}


@ARTICLE{2013ApJ...768..195W,
   author = {{Whalen}, D.~J. and {Even}, W. and {Lovekin}, C.~C. and {Fryer}, C.~L. and 
	{Stiavelli}, M. and {Roming}, P.~W.~A. and {Cooke}, J. and {Pritchard}, T.~A. and 
	{Holz}, D.~E. and {Knight}, C.},
    title = "{Illuminating the Primeval Universe with Type IIn Supernovae}",
  journal = {\apj},
archivePrefix = "arXiv",
   eprint = {1302.0436},
 keywords = {early universe, galaxies: high-redshift, hydrodynamics, radiative transfer, stars: early-type, supernovae: general},
     year = 2013,
    month = "may",
   volume = 768,
      eid = {195},
    pages = {195},
      doi = {10.1088/0004-637X/768/2/195},
   adsurl = {http://adsabs.harvard.edu/abs/2013ApJ...768..195W},
  adsnote = {Provided by the SAO/NASA Astrophysics Data System},
  subject = {pair-instability/pop III supernovae}
}


@INPROCEEDINGS{2012JPhCS.402a2024C,
   author = {{Chen}, K.-J. and {Heger}, A. and {Almgren}, A.},
    title = "{Conservative Initial Mapping For Multidimensional Simulations of Stellar Explosions}",
booktitle = {Journal of Physics Conference Series},
     year = 2012,
   series = {Journal of Physics Conference Series},
   volume = 402,
archivePrefix = "arXiv",
   eprint = {1112.3033},
 primaryClass = "astro-ph.HE",
    month = "dec",
      eid = {012024},
    pages = {012024},
      doi = {10.1088/1742-6596/402/1/012024},
   adsurl = {http://adsabs.harvard.edu/abs/2012JPhCS.402a2024C},
  adsnote = {Provided by the SAO/NASA Astrophysics Data System},
  subject = {algorithm}
}


@ARTICLE{2011CoPhC.182..254C,
   author = {{Chen}, K.-J. and {Heger}, A. and {Almgren}, A.~S.},
    title = "{Multidimensional simulations of pair-instability supernovae}",
  journal = {Computer Physics Communications},
archivePrefix = "arXiv",
   eprint = {1006.2385},
 primaryClass = "astro-ph.HE",
     year = 2011,
    month = "jan",
   volume = 182,
    pages = {254-256},
      doi = {10.1016/j.cpc.2010.06.032},
   adsurl = {http://adsabs.harvard.edu/abs/2011CoPhC.182..254C},
  adsnote = {Provided by the SAO/NASA Astrophysics Data System},
  subject = {pair-instability/pop III supernovae}
}


@ARTICLE{2010ApJ...709...11J,
   author = {{Joggerst}, C.~C. and {Almgren}, A. and {Bell}, J. and {Heger}, A. and 
	{Whalen}, D. and {Woosley}, S.~E.},
    title = "{The Nucleosynthetic Imprint of 15-40 M $_{sun}$ Primordial Supernovae on Metal-Poor Stars}",
  journal = {\apj},
archivePrefix = "arXiv",
   eprint = {0907.3885},
 keywords = {cosmology: theory, early universe, methods: numerical, nuclear reactions, nucleosynthesis, abundances, supernovae: general},
     year = 2010,
    month = "jan",
   volume = 709,
    pages = {11-26},
      doi = {10.1088/0004-637X/709/1/11},
   adsurl = {http://adsabs.harvard.edu/abs/2010ApJ...709...11J},
  adsnote = {Provided by the SAO/NASA Astrophysics Data System},
  subject = {pair-instability/pop III supernovae}
}


@INPROCEEDINGS{2010AIPC.1294..255C,
   author = {{Chen}, K.-J. and {Heger}, A. and {Almgren}, A.~S.},
    title = "{Two-Dimensional Simulations of Pair-Instability Supernovae}",
 keywords = {supernovae, hydrodynamics, stellar mass, nucleosynthesis, Supernovae, Hydrodynamics, Masses, Origin formation and abundances of the elements},
booktitle = {American Institute of Physics Conference Series},
     year = 2010,
   series = {American Institute of Physics Conference Series},
   volume = 1294,
archivePrefix = "arXiv",
   eprint = {1006.3072},
 primaryClass = "astro-ph.HE",
   editor = {{Whalen}, D.~J. and {Bromm}, V. and {Yoshida}, N.},
    month = "nov",
    pages = {255-256},
      doi = {10.1063/1.3518864},
   adsurl = {http://adsabs.harvard.edu/abs/2010AIPC.1294..255C},
  adsnote = {Provided by the SAO/NASA Astrophysics Data System},
  subject = {pair-instability/pop III supernovae}
}



@ARTICLE{2017ApJ...844..111C,
   author = {{Chen}, K.-J. and {Whalen}, D.~J. and {Wollenberg}, K.~M.~J. and 
	{Glover}, S.~C.~O. and {Klessen}, R.~S.},
    title = "{How the First Stars Regulated Star Formation. II. Enrichment by Nearby Supernovae}",
  journal = {\apj},
archivePrefix = "arXiv",
   eprint = {1610.00389},
 keywords = {cosmology: theory, early universe, galaxies: high-redshift, intergalactic medium, stars: Population III, supernovae: general},
     year = 2017,
    month = "aug",
   volume = 844,
      eid = {111},
    pages = {111},
      doi = {10.3847/1538-4357/aa7b34},
   adsurl = {http://adsabs.harvard.edu/abs/2017ApJ...844..111C},
  adsnote = {Provided by the SAO/NASA Astrophysics Data System},
  subject = {pair-instability/pop III supernovae}
}


@INPROCEEDINGS{2017JPhCS.837a2006C,
   author = {{Chen}, K.-J.},
    title = "{Fluid Instabilities of Magnetar-Powered Supernovae}",
booktitle = {Journal of Physics Conference Series},
     year = 2017,
   series = {Journal of Physics Conference Series},
   volume = 837,
archivePrefix = "arXiv",
   eprint = {1706.06761},
 primaryClass = "astro-ph.HE",
    month = "may",
      eid = {012006},
    pages = {012006},
      doi = {10.1088/1742-6596/837/1/012006},
   adsurl = {http://adsabs.harvard.edu/abs/2017JPhCS.837a2006C},
  adsnote = {Provided by the SAO/NASA Astrophysics Data System},
  subject = {magnetar supernovae}
}


@ARTICLE{2017ApJ...839...85C,
   author = {{Chen}, K.-J. and {Moriya}, T.~J. and {Woosley}, S. and {Sukhbold}, T. and 
	{Whalen}, D.~J. and {Suwa}, Y. and {Bromm}, V.},
    title = "{Magnetar-powered Supernovae in Two Dimensions. II. Broad-line Supernovae Ic}",
  journal = {\apj},
archivePrefix = "arXiv",
   eprint = {1706.06758},
 primaryClass = "astro-ph.HE",
 keywords = {hydrodynamics, instabilities, radiative transfer, stars: jets, stars: massive, supernovae: general},
     year = 2017,
    month = "apr",
   volume = 839,
      eid = {85},
    pages = {85},
      doi = {10.3847/1538-4357/aa68a4},
   adsurl = {http://adsabs.harvard.edu/abs/2017ApJ...839...85C},
  adsnote = {Provided by the SAO/NASA Astrophysics Data System},
  subject = {magnetar supernovae}
}


@ARTICLE{2017arXiv171106203Z,
   author = {{Zingale}, M. and {Almgren}, A.~S. and {Barrios Sazo}, M.~G. and 
	{Beckner}, V.~E. and {Bell}, J.~B. and {Friesen}, B. and {Jacob}, A.~M. and 
	{Katz}, M.~P. and {Malone}, C.~M. and {Nonaka}, A.~J. and {Willcox}, D.~E. and 
	{Zhang}, W.},
    title = "{Meeting the Challenges of Modeling Astrophysical Thermonuclear Explosions: Castro, Maestro, and the AMReX Astrophysics Suite}",
  journal = {ArXiv e-prints},
archivePrefix = "arXiv",
   eprint = {1711.06203},
 primaryClass = "astro-ph.IM",
 keywords = {Astrophysics - Instrumentation and Methods for Astrophysics},
     year = 2017,
    month = "nov",
   adsurl = {http://adsabs.harvard.edu/abs/2017arXiv171106203Z},
  adsnote = {Provided by the SAO/NASA Astrophysics Data System},
  subject = {algorithm}
}


@ARTICLE{2017ApJ...845..103L,
   author = {{Lovegrove}, E. and {Woosley}, S.~E. and {Zhang}, W.},
    title = "{Very Low-energy Supernovae: Light Curves and Spectra of Shock Breakout}",
  journal = {\apj},
archivePrefix = "arXiv",
   eprint = {1706.02440},
 primaryClass = "astro-ph.HE",
 keywords = {radiative transfer, stars: massive, supernovae: general},
     year = 2017,
    month = "aug",
   volume = 845,
      eid = {103},
    pages = {103},
      doi = {10.3847/1538-4357/aa7b7d},
   adsurl = {http://adsabs.harvard.edu/abs/2017ApJ...845..103L},
  adsnote = {Provided by the SAO/NASA Astrophysics Data System},
  subject = {low-energy supernovae}
}


@ARTICLE{2018arXiv180607890R,
   author = {{Ryu}, T. and {Zingale}, M. and {Perna}, R.},
    title = "{Turbulence-driven thermal and kinetic energy fluxes in the atmospheres of hot Jupiters}",
  journal = {\mnras},
archivePrefix = "arXiv",
   eprint = {1806.07890},
 primaryClass = "astro-ph.EP",
 keywords = {planets and satellites: atmospheres, planets and satellites: dynamical evolution and stability, planets and satellites: general},
     year = 2018,
    month = "dec",
   volume = 481,
    pages = {5517-5531},
      doi = {10.1093/mnras/sty2638},
   adsurl = {http://adsabs.harvard.edu/abs/2018MNRAS.481.5517R},
  adsnote = {Provided by the SAO/NASA Astrophysics Data System},
  subject = {exoplanets}
}


@ARTICLE{2018arXiv181004720Z,
   author = {{Zingale}, M. and {Eiden}, K. and {Cavecchi}, Y. and {Harpole}, A. and 
	{Bell}, J.~B. and {Chang}, M. and {Hawke}, I. and {Katz}, M.~P. and 
	{Malone}, C.~M. and {Nonaka}, A.~J. and {Willcox}, D.~E. and 
	{Zhang}, W.},
    title = "{Toward Resolved Simulations of Burning Fronts in Thermonuclear X-ray Bursts}",
  journal = {ArXiv e-prints},
archivePrefix = "arXiv",
   eprint = {1810.04720},
 primaryClass = "astro-ph.HE",
 keywords = {Astrophysics - High Energy Astrophysical Phenomena},
     year = 2018,
    month = "oct",
   adsurl = {http://adsabs.harvard.edu/abs/2018arXiv181004720Z},
  adsnote = {Provided by the SAO/NASA Astrophysics Data System},
  subject = {X-ray bursts}
}


@ARTICLE{2019ApJ...873...84P,
   author = {{Polin}, A. and {Nugent}, P. and {Kasen}, D.},
    title = "{Observational Predictions for Sub-Chandrasekhar Mass Explosions: Further Evidence for Multiple Progenitor Systems for Type Ia Supernovae}",
  journal = {\apj},
archivePrefix = "arXiv",
   eprint = {1811.07127},
 primaryClass = "astro-ph.HE",
 keywords = {hydrodynamics, methods: numerical, nuclear reactions, nucleosynthesis, abundances, radiative transfer, supernovae: general, white dwarfs},
     year = 2019,
    month = "mar",
   volume = 873,
      eid = {84},
    pages = {84},
      doi = {10.3847/1538-4357/aafb6a},
   adsurl = {https://ui.adsabs.harvard.edu/abs/2019ApJ...873...84P},
  adsnote = {Provided by the SAO/NASA Astrophysics Data System},
  subject = {Type Ia supernovae&mdash;sub-Chandra model}
}


@ARTICLE{2019ApJ...874..169K,
   author = {{Katz}, M.~P. and {Zingale}, M.},
    title = "{Numerical Stability of Detonations in White Dwarf Simulations}",
  journal = {\apj},
archivePrefix = "arXiv",
   eprint = {1903.00132},
 primaryClass = "astro-ph.HE",
 keywords = {supernovae: general, white dwarfs },
     year = 2019,
    month = "apr",
   volume = 874,
      eid = {169},
    pages = {169},
      doi = {10.3847/1538-4357/ab0c00},
   adsurl = {http://adsabs.harvard.edu/abs/2019ApJ...874..169K},
  adsnote = {Provided by the SAO/NASA Astrophysics Data System},
  subject = {Type Ia supernovae&mdash;mergers and collisions}
}

@ARTICLE{2020ApJ...897..152C,
       author = {{Chen}, Ke-Jung and {Woosley}, S.~E. and {Whalen}, Daniel J.},
        title = "{Gas Dynamics of the Nickel-56 Decay Heating in Pair-instability Supernovae}",
      journal = {\apj},
     keywords = {1664, 1129, 1668, 101, 1285, 775, 732, 100, 767, 2086, Astrophysics - High Energy Astrophysical Phenomena, Astrophysics - Solar and Stellar Astrophysics},
         year = 2020,
        month = "jul",
       volume = {897},
       number = {2},
          eid = {152},
        pages = {152},
          doi = {10.3847/1538-4357/ab9819},
archivePrefix = {arXiv},
       eprint = {1904.12877},
 primaryClass = {astro-ph.HE},
       adsurl = {https://ui.adsabs.harvard.edu/abs/2020ApJ...897..152C},
  subject = {pair-instability/pop III supernovae}
}


@ARTICLE{2019arXiv190412875C,
       author = {{Chen}, Ke-Jung and {Woosley}, S.~E. and {Whalen}, Daniel J.},
        title = "{Three-dimensional Simulations of Magnetar-powered Superluminous Supernovae}",
      journal = {\apj},
     keywords = {Astrophysics - High Energy Astrophysical Phenomena},
         year = 2020,
        month = {apr},
       volume = {893},
       number = {2},
          eid = {99},
        pages = {99},
          doi = {10.3847/1538-4357/ab7db0},
archivePrefix = {arXiv},
       eprint = {1904.12875},
 primaryClass = {astro-ph.HE},
       adsurl = {https://ui.adsabs.harvard.edu/abs/2020ApJ...893...99C},
      adsnote = {Provided by the SAO/NASA Astrophysics Data System},
  subject = {magnetar supernovae}
}

@ARTICLE{2019arXiv190412873C,
   author = {{Chen}, K.-J. and {Zhang}, W.},
    title = "{Radiation Transport Simulations of Pulsational Pair-Instability Supernovae}",
  journal = {arXiv e-prints},
archivePrefix = "arXiv",
   eprint = {1904.12873},
 primaryClass = "astro-ph.HE",
 keywords = {Astrophysics - High Energy Astrophysical Phenomena},
     year = 2019,
    month = "apr",
   adsurl = {https://ui.adsabs.harvard.edu/abs/2019arXiv190412873C},
  adsnote = {Provided by the SAO/NASA Astrophysics Data System},
  subject = {pair-instability/pop III supernovae}
}


@ARTICLE{2019ApJ...887..169H,
       author = {{Ho}, Anna Y.~Q. and {Goldstein}, Daniel A. and {Schulze}, Steve and
         {Khatami}, David K. and {Perley}, Daniel A. and {Ergon}, Mattias and
         {Gal-Yam}, Avishay and {Corsi}, Alessandra and {Andreoni}, Igor and
         {Barbarino}, Cristina and {Bellm}, Eric C. and {Blagorodnova}, Nadia and
         {Bright}, Joe S. and {Burns}, E. and {Cenko}, S. Bradley and
         {Cunningham}, Virginia and {De}, Kishalay and {Dekany}, Richard and
         {Dugas}, Alison and {Fender}, Rob P. and {Fransson}, Claes and
         {Fremling}, Christoffer and {Goldstein}, Adam and {Graham}, Matthew J. and
         {Hale}, David and {Horesh}, Assaf and {Hung}, Tiara and
         {Kasliwal}, Mansi M. and {Kuin}, N. Paul M. and {Kulkarni}, S.~R. and
         {Kupfer}, Thomas and {Lunnan}, Ragnhild and {Masci}, Frank J. and
         {Ngeow}, Chow-Choong and {Nugent}, Peter E. and {Ofek}, Eran O. and
         {Patterson}, Maria T. and {Petitpas}, Glen and {Rusholme}, Ben and
         {Sai}, Hanna and {Sfaradi}, Itai and {Shupe}, David L. and
         {Sollerman}, Jesper and {Soumagnac}, Maayane T. and
         {Tachibana}, Yutaro and {Taddia}, Francesco and {Walters}, Richard and
         {Wang}, Xiaofeng and {Yao}, Yuhan and {Zhang}, Xinhan},
        title = "{Evidence for Late-stage Eruptive Mass Loss in the Progenitor to SN2018gep, a Broad-lined Ic Supernova: Pre-explosion Emission and a Rapidly Rising Luminous Transient}",
      journal = {\apj},
     keywords = {methods: observational, shock waves, stars: mass-loss, supernovae: individual, surveys, Astrophysics - High Energy Astrophysical Phenomena},
         year = "2019",
        month = "Dec",
       volume = {887},
       number = {2},
          eid = {169},
        pages = {169},
          doi = {10.3847/1538-4357/ab55ec},
archivePrefix = {arXiv},
       eprint = {1904.11009},
 primaryClass = {astro-ph.HE},
       adsurl = {https://ui.adsabs.harvard.edu/abs/2019ApJ...887..169H},
      adsnote = {Provided by the SAO/NASA Astrophysics Data System},
  subject = {supernova-CSM interaction}
}


@ARTICLE{2019ApJ...873L..18D,
   author = {{De}, K. and {Kasliwal}, M.~M. and {Polin}, A. and {Nugent}, P.~E. and 
	{Bildsten}, L. and {Adams}, S.~M. and {Bellm}, E.~C. and {Blagorodnova}, N. and 
	{Burdge}, K.~B. and {Cannella}, C. and {Cenko}, S.~B. and {Dekany}, R.~G. and 
	{Feeney}, M. and {Hale}, D. and {Fremling}, U.~C. and {Graham}, M.~J. and 
	{Ho}, A.~Y.~Q. and {Jencson}, J.~E. and {Kulkarni}, S.~R. and 
	{Laher}, R.~R. and {Masci}, F.~J. and {Miller}, A.~A. and {Patterson}, M.~T. and 
	{Rebbapragada}, U. and {Riddle}, R.~L. and {Shupe}, D.~L. and 
	{Smith}, R.~M.},
    title = "{ZTF 18aaqeasu (SN2018byg): A Massive Helium-shell Double Detonation on a Sub-Chandrasekhar-mass White Dwarf}",
  journal = {\apjl},
archivePrefix = "arXiv",
   eprint = {1901.00874},
 primaryClass = "astro-ph.HE",
 keywords = {supernovae: general, supernovae: individual: SN2018byg, surveys, white dwarfs},
     year = 2019,
    month = "mar",
   volume = 873,
      eid = {L18},
    pages = {L18},
      doi = {10.3847/2041-8213/ab0aec},
   adsurl = {https://ui.adsabs.harvard.edu/abs/2019ApJ...873L..18D},
  adsnote = {Provided by the SAO/NASA Astrophysics Data System},
  subject = {Type Ia supernovae&mdash;sub-Chandra model}
}


@ARTICLE{2019arXiv191005436J,
       author = {{Jacobson-Galan}, Wynn V. and {Polin}, Abigail and {Foley}, Ryan J. and
         {Dimitriadis}, Georgios and {Kilpatrick}, Charles D. and
         {Margutti}, Rafaella and {Coulter}, David A. and {Jha}, Saurabh W. and
         {Jones}, David O. and {Kirshner}, Robert P. and {Pan}, Yen-Chen and
         {Piro}, Anthony L. and {Rest}, Armin and {Rojas-Bravo}, Cesar},
        title = "{Ca hnk: Calcium-rich Transient SN 2016hnk from the Helium Shell Detonation of a Sub-Chandrasekhar White Dwarf}",
      journal = {\apj},
     keywords = {UAT:1799, UAT:1728, UAT:1145, UAT:1668, Astrophysics - High Energy Astrophysical Phenomena},
         year = 2020,
        month = "jun",
       volume = {896},
       number = {2},
          eid = {165},
        pages = {165},
          doi = {10.3847/1538-4357/ab94b8},
archivePrefix = {arXiv},
       eprint = {1910.05436},
 primaryClass = {astro-ph.HE},
       adsurl = {https://ui.adsabs.harvard.edu/abs/2020ApJ...896..165J},
      adsnote = {Provided by the SAO/NASA Astrophysics Data System},
      subject = {Type Ia supernovae&mdash;sub-Chandra model}
}

@ARTICLE{2020arXiv200501782J,
       author = {{Jacobson-Gal{\'a}n}, Wynn V. and {Margutti}, Raffaella and
         {Kilpatrick}, Charles D. and {Hiramatsu}, Daichi and {Perets}, Hagai and
         {Khatami}, David and {Foley}, Ryan J. and {Raymond}, John and
         {Yoon}, Sung-Chul and {Bobrick}, Alexey and {Zenati}, Yossef and
         {Galbany}, Llu{\'\i}s and {Andrews}, Jennifer and {Brown}, Peter J. and
         {Cartier}, R{\'e}gis and {Coppejans}, Deanne L. and
         {Dimitriadis}, Georgios and {Dobson}, Matthew and {Hajela}, Aprajita and
         {Howell}, D. Andrew and {Kuncarayakti}, Hanindyo and
         {Milisavljevic}, Danny and {Rahman}, Mohammed and
         {Rojas-Bravo}, C{\'e}sar and {Sand}, David J. and {Shepherd}, Joel and
         {Smartt}, Stephen J. and {Stacey}, Holland and {Stroh}, Michael and
         {Swift}, Jonathan J. and {Terreran}, Giacomo and {Vinko}, Jozsef and
         {Wang}, Xiaofeng and {Anderson}, Joseph P. and {Baron}, Edward A. and
         {Berger}, Edo and {Blanchard}, Peter K. and {Burke}, Jamison and
         {Coulter}, David A. and {DeMarchi}, Lindsay and {DerKacy}, James M. and
         {Fremling}, Christoffer and {Gomez}, Sebastian and
         {Gromadzki}, Mariusz and {Hosseinzadeh}, Griffin and {Kasen}, Daniel and
         {Kriskovics}, Levente and {McCully}, Curtis and
         {M{\"u}ller-Bravo}, Tom{\'a}s E. and {Nicholl}, Matt and
         {Ordasi}, Andr{\'a}s and {Pellegrino}, Craig and {Piro}, Anthony L. and
         {P{\'a}l}, Andr{\'a}s and {Ren}, Juanjuan and {Rest}, Armin and
         {Rich}, R. Michael and {Sai}, Hanna and {S{\'a}rneczky}, Kriszti{\'a}n and
         {Shen}, Ken J. and {Short}, Philip and {Siebert}, Matthew and
         {Stauffer}, Candice and {Szak{\'a}ts}, R{\'o}bert and {Zhang}, Xinhan and
         {Zhang}, Jujia and {Zhang}, Kaicheng},
        title = "{SN 2019ehk: A Double-Peaked Ca-rich Transient with Luminous X-ray Emission and Shock-Ionized Spectral Features}",
      journal = {arXiv e-prints},
     keywords = {Astrophysics - High Energy Astrophysical Phenomena, Astrophysics - Solar and Stellar Astrophysics},
         year = 2020,
        month = {may},
          eid = {arXiv:2005.01782},
        pages = {arXiv:2005.01782},
archivePrefix = {arXiv},
       eprint = {2005.01782},
 primaryClass = {astro-ph.HE},
       adsurl = {https://ui.adsabs.harvard.edu/abs/2020arXiv200501782J},
      adsnote = {Provided by the SAO/NASA Astrophysics Data System},
  subject = {Type Ia supernovae&mdash;sub-Chandra model}
}


@ARTICLE{2019ApJ...886..105Z,
       author = {{Zingale}, M. and {Katz}, M.~P. and {Bell}, J.~B. and {Minion}, M.~L. and
         {Nonaka}, A.~J. and {Zhang}, W.},
        title = "{Improved Coupling of Hydrodynamics and Nuclear Reactions via Spectral Deferred Corrections}",
      journal = {\apj},
     keywords = {Hydrodynamics, Astrophysical fluid dynamics, Computational methods, Computational astronomy, Astronomy software, Nuclear astrophysics, Nucleosynthesis, Stellar nucleosynthesis},
         year = "2019",
        month = "Dec",
       volume = {886},
       number = {2},
          eid = {105},
        pages = {105},
          doi = {10.3847/1538-4357/ab4e1d},
       adsurl = {https://ui.adsabs.harvard.edu/abs/2019ApJ...886..105Z},
      adsnote = {Provided by the SAO/NASA Astrophysics Data System},
       subject = {algorithm}
}

@ARTICLE{2019arXiv191204956E,
       author = {{Eiden}, Kiran and {Zingale}, Michael and {Harpole}, Alice and
         {Willcox}, Donald and {Cavecchi}, Yuri and {Katz}, Max P.},
        title = "{Dynamics of Laterally Propagating Flames in X-Ray Bursts. I. Burning Front Structure}",
      journal = {\apj},
     keywords = {Astrophysics - High Energy Astrophysical Phenomena},
         year = 2020,
        month = "may",
       volume = {894},
       number = {1},
          eid = {6},
        pages = {6},
          doi = {10.3847/1538-4357/ab80bc},
archivePrefix = {arXiv},
       eprint = {1912.04956},
 primaryClass = {astro-ph.HE},
       adsurl = {https://ui.adsabs.harvard.edu/abs/2020ApJ...894....6E},
      adsnote = {Provided by the SAO/NASA Astrophysics Data System},
      subject = {X-ray bursts}
}

@ARTICLE{2020arXiv200705218K,
       author = {{Katz}, Max P. and {Almgren}, Ann and {Barrios Sazo}, Maria and
         {Eiden}, Kiran and {Gott}, Kevin and {Harpole}, Alice and
         {Sexton}, Jean M. and {Willcox}, Don E. and {Zhang}, Weiqun and
         {Zingale}, Michael},
        title = "{Preparing Nuclear Astrophysics for Exascale}",
      journal = {arXiv e-prints},
     keywords = {Astrophysics - Instrumentation and Methods for Astrophysics, Astrophysics - High Energy Astrophysical Phenomena},
         year = 2020,
        month = "jul",
          eid = {arXiv:2007.05218},
        pages = {arXiv:2007.05218},
archivePrefix = {arXiv},
       eprint = {2007.05218},
 primaryClass = {astro-ph.IM},
       adsurl = {https://ui.adsabs.harvard.edu/abs/2020arXiv200705218K},
      adsnote = {Provided by the SAO/NASA Astrophysics Data System},
  subject = {algorithm}
}
