@article{br-refine,
  title={An algorithm for point clustering and grid generation},
  author={Berger, Marsha and Rigoutsos, Isidore},
  journal={Systems, Man and Cybernetics, IEEE Transactions on},
  volume={21},
  number={5},
  pages={1278--1286},
  year={1991},
  publisher={IEEE}
}

@ARTICLE{colglaz,
   author = {{Colella}, P. and {Glaz}, H.~M.},
   title = "{Efficient solution algorithms for the Riemann problem
             for real gases}",
   journal = {Journal of Computational Physics},
   year = 1985,
   month = jun,
   volume = 59,
   pages = {264-289},
   doi = {10.1016/0021-9991(85)90146-9},
   adsurl = {http://adsabs.harvard.edu/abs/1985JCoPh..59..264C},
}

@ARTICLE{castro_I,
   author = {{Almgren}, A.~S. and {Beckner}, V.~E. and {Bell}, J.~B. and
   {Day}, M.~S. and {Howell}, L.~H. and {Joggerst}, C.~C. and {Lijewski}, M.~J. and
   {Nonaka}, A. and {Singer}, M. and {Zingale}, M.},
  title = "{CASTRO: A New Compressible Astrophysical Solver. I. Hydrodynamics and Self-gravity}",
  journal = {ApJ},
  year = 2010,
  month = jun,
  volume = 715,
  pages = {1221-1238},
  doi = {10.1088/0004-637X/715/2/1221},
}


@ARTICLE{ppm,
   author = {{Colella}, P. and {Woodward}, P.~R.},
   title = "{The Piecewise Parabolic Method (PPM) for Gas-Dynamical Simulations}",
   journal = {Journal of Computational Physics},
   year = 1984,
   month = sep,
   volume = 54,
   pages = {174-201},
   doi = {10.1016/0021-9991(84)90143-8},
}

@ARTICLE{colgwhite,
   author = {{Colgate}, S.~A. and {White}, R.~H.},
   title = "{The Hydrodynamic Behavior of Supernovae Explosions}",
   journal = {ApJ},
   year = 1966,
   month = mar,
   volume = 143,
   pages = {626},
   doi = {10.1086/148549},
}


@book{quirk1997,
  title={A contribution to the great Riemann solver debate},
  author={Quirk, James J},
  year={1997},
  publisher={Springer}
}


@ARTICLE{maestro:III,
   author = {{Almgren}, A.~S. and {Bell}, J.~B. and {Nonaka}, A. and {Zingale}, M.
   },
   title = "{Low Mach Number Modeling of Type Ia Supernovae. III. Reactions}",
   journal = {ApJ},
   keywords = {Convection, Hydrodynamics, Methods: Numerical, Nuclear Reactions, Nucleosynthesis, Abundances, Stars: Supernovae: General, Stars: White Dwarfs},
   year = 2008,
   month = sep,
   volume = 684,
   pages = {449-470},
   doi = {10.1086/590321}
}


@ARTICLE{zingalekatz,
   author = {{Zingale}, M. and {Katz}, M.~P.},
   title = "{On the Piecewise Parabolic Method for Compressible Flow With Stellar Equations of State}",
   journal = {ApJS},
   keywords = {hydrodynamics, methods: numerical},
   year = 2015,
   month = feb,
   volume = 216,
   eid = {31},
   pages = {31},
   doi = {10.1088/0067-0049/216/2/31}
}


@ARTICLE{flash,
   author = {{Fryxell}, B. and {Olson}, K. and {Ricker}, P. and {Timmes}, F.~X. and
   {Zingale}, M. and {Lamb}, D.~Q. and {MacNeice}, P. and {Rosner}, R. and
   {Truran}, J.~W. and {Tufo}, H.},
  title = "{FLASH: An Adaptive Mesh Hydrodynamics Code for Modeling Astrophysical Thermonuclear Flashes}",
  journal = {ApJS},
  year = 2000,
  month = nov,
  volume = 131,
  pages = {273-334},
  doi = {10.1086/317361},
}

@ARTICLE{colella:1990,
   author = {{Colella}, P.},
   title = "{Multidimensional upwind methods for hyperbolic conservation laws}",
   journal = {Journal of Computational Physics},
   year = 1990,
   month = mar,
   volume = 87,
   pages = {171-200},
   doi = {10.1016/0021-9991(90)90233-Q},
}

@ARTICLE{colellasekora,
   author = {{Colella}, P. and {Sekora}, M.~D.},
   title = "{A limiter for PPM that preserves accuracy at smooth extrema}",
   journal = {Journal of Computational Physics},
   year = 2008,
   month = jul,
   volume = 227,
   pages = {7069-7076},
  doi = {10.1016/j.jcp.2008.03.034},
}

@ARTICLE{millercolella:2002,
   author = {{Miller}, G.~H. and {Colella}, P.},
       title = "{A Conservative Three-Dimensional Eulerian Method for Coupled Solid-Fluid Shock \
Capturing}",
  journal = {Journal of Computational Physics},
  year = 2002,
  month = nov,
  volume = 183,
  pages = {26-82},
 doi = {10.1006/jcph.2002.7158},
 adsurl = {http://adsabs.harvard.edu/abs/2002JCoPh.183...26M},
  adsnote = {Provided by the SAO/NASA Astrophysics Data System}
}


@INPROCEEDINGS{pember:1996,
    author = {Richard B. Pember and Jeffrey A. Greenough and Phillip Colella},
    title = {An Adaptive, Higher-Order Godunov Method For Gas Dynamics In Three-Dimensional Orthogonal Curvilinear Coordinates},
    booktitle = {unknown},
    year = {1996}
}

@ARTICLE{bryan:1995,
   author = {{Bryan}, G.~L. and {Norman}, M.~L. and {Stone}, J.~M. and {Cen}, R. and
        {Ostriker}, J.~P.},
    title = "{A piecewise parabolic method for cosmological hydrodynamics}",
  journal = {Computer Physics Communications},
     year = 1995,
    month = aug,
   volume = 89,
    pages = {149-168},
      doi = {10.1016/0010-4655(94)00191-4},
   adsurl = {http://adsabs.harvard.edu/abs/1995CoPhC..89..149B},
  adsnote = {Provided by the SAO/NASA Astrophysics Data System}
}

@ARTICLE{bryan:2014,
   author = {{Bryan}, G.~L. and {Norman}, M.~L. and {O'Shea}, B.~W. and {Abel}, T. and
	{Wise}, J.~H. and {Turk}, M.~J. and {Reynolds}, D.~R. and {Collins}, D.~C. and
	{Wang}, P. and {Skillman}, S.~W. and {Smith}, B. and {Harkness}, R.~P. and
	{Bordner}, J. and {Kim}, J.-h. and {Kuhlen}, M. and {Xu}, H. and
	{Goldbaum}, N. and {Hummels}, C. and {Kritsuk}, A.~G. and {Tasker}, E. and
	{Skory}, S. and {Simpson}, C.~M. and {Hahn}, O. and {Oishi}, J.~S. and
	{So}, G.~C. and {Zhao}, F. and {Cen}, R. and {Li}, Y. and {Enzo Collaboration}
	},
    title = "{ENZO: An Adaptive Mesh Refinement Code for Astrophysics}",
  journal = {ApJS},
archivePrefix = "arXiv",
   eprint = {1307.2265},
 primaryClass = "astro-ph.IM",
 keywords = {hydrodynamics, methods: numerical},
     year = 2014,
    month = apr,
   volume = 211,
      eid = {19},
    pages = {19},
      doi = {10.1088/0067-0049/211/2/19},
   adsurl = {http://adsabs.harvard.edu/abs/2014ApJS..211...19B},
  adsnote = {Provided by the SAO/NASA Astrophysics Data System}
}

@ARTICLE{katz:2016,
   author = {{Katz}, M.~P. and {Zingale}, M. and {Calder}, A.~C. and {Swesty}, F.~D. and
	{Almgren}, A.~S. and {Zhang}, W.},
    title = "{White Dwarf Mergers on Adaptive Meshes. I. Methodology and Code Verification}",
  journal = {APJ},
archivePrefix = "arXiv",
   eprint = {1512.06099},
 primaryClass = "astro-ph.HE",
 keywords = {hydrodynamics, methods: numerical, supernovae: general, white dwarfs},
     year = 2016,
    month = mar,
   volume = 819,
      eid = {94},
    pages = {94},
      doi = {10.3847/0004-637X/819/2/94},
   adsurl = {http://adsabs.harvard.edu/abs/2016ApJ...819...94K},
  adsnote = {Provided by the SAO/NASA Astrophysics Data System}
}


@PHDTHESIS{katzthesis,
   author = {{Katz}, M.~P.},
    title = "{White Dwarf Mergers on Adaptive Meshes}",
   school = {State University of New York at Stony Brook},
     year = 2016,
   adsurl = {http://adsabs.harvard.edu/abs/2016PhDT........96K},
  adsnote = {Provided by the SAO/NASA Astrophysics Data System}
}


@ARTICLE{hu:2013,
   author = {{Hu}, X.~Y. and {Adams}, N.~A. and {Shu}, C.-W.},
    title = "{Positivity-preserving method for high-order conservative schemes solving compressible Euler equa\
tions}",
  journal = {Journal of Computational Physics},
archivePrefix = "arXiv",
   eprint = {1203.1540},
 primaryClass = "physics.flu-dyn",
     year = 2013,
    month = jun,
   volume = 242,
    pages = {169-180},
      doi = {10.1016/j.jcp.2013.01.024},
   adsurl = {http://adsabs.harvard.edu/abs/2013JCoPh.242..169H},
  adsnote = {Provided by the SAO/NASA Astrophysics Data System}
}

@ARTICLE{byerly:2014,
   author = {{Byerly}, Z.~D. and {Adelstein-Lelbach}, B. and {Tohline}, J.~E. and
	{Marcello}, D.~C.},
    title = "{A Hybrid Advection Scheme for Conserving Angular Momentum on a Refined Cartesian Mesh}",
  journal = {\apjs},
archivePrefix = "arXiv",
   eprint = {1404.5942},
 primaryClass = "astro-ph.SR",
 keywords = {hydrodynamics, instabilities, methods: numerical},
     year = 2014,
    month = jun,
   volume = 212,
      eid = {23},
    pages = {23},
      doi = {10.1088/0067-0049/212/2/23},
   adsurl = {http://adsabs.harvard.edu/abs/2014ApJS..212...23B},
  adsnote = {Provided by the SAO/NASA Astrophysics Data System}
}


@ARTICLE{papaloizoupringle,
   author = {{Papaloizou}, J.~C.~B. and {Pringle}, J.~E.},
    title = "{The dynamical stability of differentially rotating discs with constant specific angular momentum}",
  journal = {\mnras},
 keywords = {Accretion Disks, Angular Momentum, Astronomical Models, Dynamic Stability, Rotating Fluids, Toruses, Eigenvalues, Perturbation Theory, Polytropic Processes, Quasars},
     year = 1984,
    month = jun,
   volume = 208,
    pages = {721-750},
      doi = {10.1093/mnras/208.4.721},
   adsurl = {http://adsabs.harvard.edu/abs/1984MNRAS.208..721P},
  adsnote = {Provided by the SAO/NASA Astrophysics Data System}
}

@Book{toro:1997,
  author =       {E. F. Toro},
  title =        {Riemann Solvers and Numerical Methods for Fluid Dynamics},
  publisher =    {Springer},
  year =         {1997},
}

@ARTICLE{sod:1978,
   author = {{Sod}, G.~A.},
    title = "{A survey of several finite difference methods for systems of nonlinear hyperbolic conservation la
ws}",
  journal = {Journal of Computational Physics},
     year = 1978,
    month = apr,
   volume = 27,
    pages = {1-31},
      doi = {10.1016/0021-9991(78)90023-2},
   adsurl = {http://adsabs.harvard.edu/abs/1978JCoPh..27....1S},
  adsnote = {Provided by the SAO/NASA Astrophysics Data System}
}

@book{sedov:1959,
      author="{Sedov}, L.~I.",
      title="Similarity and Dimensional Methods in Mechanics",
      publisher="Academic Press",
      year="1959",
      note="translated from the 4th Russian Ed."
}

@misc{timmes_sedov_code,
    author = "{Kamm}, J.~R. and {Timmes}, F.~X.",
     title = "{On Efficient Generation of Numerically Robust Sedov Solutions}",
       url = {http://cococubed.asu.edu/papers/la-ur-07-2849.pdf},
      note = {Retrieved from http://cococubed.asu.edu/research\_pages/sedov.shtml}
}

@ARTICLE{omang:2006,
   author = {{Omang}, M. and {B{\o}rve}, S. and {Trulsen}, J.},
    title = "{SPH in spherical and cylindrical coordinates}",
  journal = {Journal of Computational Physics},
     year = 2006,
    month = mar,
   volume = 213,
    pages = {391-412},
      doi = {10.1016/j.jcp.2005.08.023},
   adsurl = {http://adsabs.harvard.edu/abs/2006JCoPh.213..391O},
  adsnote = {Provided by the SAO/NASA Astrophysics Data System}
}

@ARTICLE{howellgreenough:2003,
   author = {{Howell}, L.~H. and {Greenough}, J.~A.},
    title = "{Radiation diffusion for multi-fluid Eulerian hydrodynamics with adaptive mesh refinement}",
  journal = {Journal of Computational Physics},
     year = 2003,
    month = jan,
   volume = 184,
    pages = {53-78},
      doi = {10.1016/S0021-9991(02)00015-3},
   adsurl = {http://adsabs.harvard.edu/abs/2003JCoPh.184...53H},
  adsnote = {Provided by the SAO/NASA Astrophysics Data System}
}

@ARTICLE{swestymyra:2009,
   author = {{Swesty}, F.~D. and {Myra}, E.~S.},
    title = "{A Numerical Algorithm for Modeling Multigroup Neutrino-Radiation Hydrodynamics in Two Spatial Dimensions}",
  journal = {Astrophysical Journal Supplement},
 keywords = {hydrodynamics, radiative transfer, methods: numerical, supernovae: general, stars: interiors},
     year = 2009,
    month = mar,
   volume = 181,
    pages = {1-52},
      doi = {10.1088/0067-0049/181/1/1},
   adsurl = {http://adsabs.harvard.edu/abs/2009ApJS..181....1S},
  adsnote = {Provided by the SAO/NASA Astrophysics Data System}
}
@incollection{graziani:2008,
      author="{Graziani}, F.",
      title="The Prompt Spectrum of a Radiating Sphere: Benchmark Solutions for Diffusion and Transport",
      editor="{Graziani}, F.",
      booktitle="Computational Methods in Transport: Verification and Validation",
      series="Lecture Notes in Computational Science and Engineering",
      publisher="Springer",
      number="62",
      year="2008",
      pages="151-167"
}

@book{grbk1,
      author={{K}ippenhahn, R. and  {W}eigert, A.},
      title="Stellar Structure and Evolution",
      publisher="Springer",
      year="1990"
}

@book{grbk2,
      author={{Zeldovich}, Y.~B. and  {Novikov}, D.},
      title="Relativistic astrophysics. Vol.1: Stars and relativity",
      publisher="University of Chicago Press",
      year=1971
}
