@article{maestroex,
  title={MAESTROeX: A Massively Parallel Low Mach Number Astrophysical Solver},
  author={D. Fan and A. Nonaka and A. S. Almgren and A. Harpole and M. Zingale},
  journal={accepted for publication in The Astrophysical Journal},
  year={2019},
  url = {https://arxiv.org/abs/1908.03634}
}

@article{AMReX,
  title = {AMReX: a framework for block-structured adaptive mesh refinement},
  journal = {Journal of Open Source Software},
  doi = {10.21105/joss.01370},
  issn = {2475-9066},
  number = {37},
  publisher = {The Open Journal},
  url = {http://dx.doi.org/10.21105/joss.01370},
  volume = {4},
  author = {Zhang, Weiqun and Almgren, Ann and Beckner, Vince and Bell, John and Blaschke, Johannes and Chan, Cy and Day, Marcus and Friesen, Brian and Gott, Kevin and Graves, Daniel and Katz, Max and Myers, Andrew and Nguyen, Tan and Nonaka, Andrew and Rosso, Michele and Williams, Samuel and Zingale, Michael},
  pages = {1370},
  date = {2019-05-12},
  year = {2019},
  month = {5},
  day = {12}
}

@software{starkiller,
  author       = {the StarKiller Microphysics Development Team and
                  Bishop, Abigail and
                  Fields, Carl E. and
                  Harpole, Alice and
                  Jacobs, Adam M. and
                  Katz, Maximilian and
                  Li, Xinlong and
                  Malone, Chris and
                  Timmes, Frank and
                  Willcox, Donald and
                  Zingale, Michael},
  title        = {starkiller-astro/Microphysics: Microphysics 20.02},
  month        = feb,
  year         = 2020,
  publisher    = {Zenodo},
  version      = {20.02},
  doi          = {10.5281/zenodo.3633773},
  url          = {https://doi.org/10.5281/zenodo.3633773}
}

@ARTICLE{castro_sdc,
       author = {{Zingale}, M. and {Katz}, M.~P. and {Bell}, J.~B. and {Minion}, M.~L. and
         {Nonaka}, A.~J. and {Zhang}, W.},
        title = "{Improved Coupling of Hydrodynamics and Nuclear Reactions via Spectral Deferred Corrections}",
      journal = {\apj},
     keywords = {Hydrodynamics, Astrophysical fluid dynamics, Computational methods, Computational astronomy, Astronomy software, Nuclear astrophysics, Nucleosynthesis, Stellar nucleosynthesis, Physics - Computational Physics, Astrophysics - Instrumentation and Methods for Astrophysics},
         year = "2019",
        month = "Dec",
       volume = {886},
       number = {2},
          eid = {105},
        pages = {105},
          doi = {10.3847/1538-4357/ab4e1d},
archivePrefix = {arXiv},
       eprint = {1908.03661},
 primaryClass = {physics.comp-ph},
       adsurl = {https://ui.adsabs.harvard.edu/abs/2019ApJ...886..105Z},
      adsnote = {Provided by the SAO/NASA Astrophysics Data System}
}

@article{simple_sdc,
	doi = {10.1088/1742-6596/1225/1/012005},
	url = {https://doi.org/10.1088%2F1742-6596%2F1225%2F1%2F012005},
	year = 2019,
	month = {may},
	publisher = {{IOP} Publishing},
	volume = {1225},
	pages = {012005},
	author = {M. Zingale and K. Eiden and Y. Cavecchi and A. Harpole and J. B. Bell and M. Chang and I. Hawke and M. P. Katz and C. M. Malone and A. J. Nonaka and D. E. Willcox and W. Zhang},
	title = {Toward Resolved Simulations of Burning Fronts in Thermonuclear X-ray Bursts},
	journal = {Journal of Physics: Conference Series},
	abstract = {We discuss the challenges of modeling X-ray bursts in multi-dimensions, review the different calculations done to date, and discuss our new set of ongoing simulations. We also describe algorithmic improvements that may help in the future to offset some of the expense of these simulations, and describe what may be possible with exascale computing.}
}

@ARTICLE{castro,
       author = {{Almgren}, A.~S. and {Beckner}, V.~E. and {Bell}, J.~B. and
         {Day}, M.~S. and {Howell}, L.~H. and {Joggerst}, C.~C. and
         {Lijewski}, M.~J. and {Nonaka}, A. and {Singer}, M. and {Zingale}, M.},
        title = "{CASTRO: A New Compressible Astrophysical Solver. I. Hydrodynamics and Self-gravity}",
      journal = {\apj},
     keywords = {equation of state, gravitation, hydrodynamics, methods: numerical, nuclear reactions, nucleosynthesis, abundances, Astrophysics - Instrumentation and Methods for Astrophysics},
         year = "2010",
        month = "Jun",
       volume = {715},
       number = {2},
        pages = {1221-1238},
          doi = {10.1088/0004-637X/715/2/1221},
archivePrefix = {arXiv},
       eprint = {1005.0114},
 primaryClass = {astro-ph.IM},
       adsurl = {https://ui.adsabs.harvard.edu/abs/2010ApJ...715.1221A},
      adsnote = {Provided by the SAO/NASA Astrophysics Data System}
}

@ARTICLE{castroII,
       author = {{Zhang}, W. and {Howell}, L. and {Almgren}, A. and {Burrows}, A. and
         {Bell}, J.},
        title = "{CASTRO: A New Compressible Astrophysical Solver. II. Gray Radiation Hydrodynamics}",
      journal = {\apjs},
     keywords = {diffusion, hydrodynamics, methods: numerical, radiative transfer, Astrophysics - Instrumentation and Methods for Astrophysics, Astrophysics - High Energy Astrophysical Phenomena, Astrophysics - Solar and Stellar Astrophysics, Physics - Computational Physics},
         year = "2011",
        month = "Oct",
       volume = {196},
       number = {2},
          eid = {20},
        pages = {20},
          doi = {10.1088/0067-0049/196/2/20},
archivePrefix = {arXiv},
       eprint = {1105.2466},
 primaryClass = {astro-ph.IM},
       adsurl = {https://ui.adsabs.harvard.edu/abs/2011ApJS..196...20Z},
      adsnote = {Provided by the SAO/NASA Astrophysics Data System}
}

@ARTICLE{castroIII,
       author = {{Zhang}, W. and {Howell}, L. and {Almgren}, A. and {Burrows}, A. and
         {Dolence}, J. and {Bell}, J.},
        title = "{CASTRO: A New Compressible Astrophysical Solver. III. Multigroup Radiation Hydrodynamics}",
      journal = {\apjs},
     keywords = {diffusion, hydrodynamics, methods: numerical, radiative transfer, Astrophysics - Instrumentation and Methods for Astrophysics, Astrophysics - High Energy Astrophysical Phenomena, Astrophysics - Solar and Stellar Astrophysics},
         year = "2013",
        month = "Jan",
       volume = {204},
       number = {1},
          eid = {7},
        pages = {7},
          doi = {10.1088/0067-0049/204/1/7},
archivePrefix = {arXiv},
       eprint = {1207.3845},
 primaryClass = {astro-ph.IM},
       adsurl = {https://ui.adsabs.harvard.edu/abs/2013ApJS..204....7Z},
      adsnote = {Provided by the SAO/NASA Astrophysics Data System}
}


@ARTICLE{castro_2019,
       author = {{Zingale}, M. and {Almgren}, A.~S. and {Barrios Sazo}, M. and
         {Bell}, J.~B. and {Eiden}, K. and {Harpole}, A. and {Katz}, M.~P. and
         {Nonaka}, A.~J. and {Willcox}, D.~E. and {Zhang}, W.},
        title = "{The Castro AMR Simulation Code: Current and Future Developments}",
      journal = {arXiv e-prints},
     keywords = {Astrophysics - Instrumentation and Methods for Astrophysics, Physics - Computational Physics},
         year = "2019",
        month = "Oct",
          eid = {arXiv:1910.12578},
        pages = {arXiv:1910.12578},
archivePrefix = {arXiv},
       eprint = {1910.12578},
 primaryClass = {astro-ph.IM},
       adsurl = {https://ui.adsabs.harvard.edu/abs/2019arXiv191012578Z},
      adsnote = {Provided by the SAO/NASA Astrophysics Data System}
}

@ARTICLE{nyx,
       author = {{Almgren}, Ann S. and {Bell}, John B. and {Lijewski}, Mike J. and
         {Luki{\'c}}, Zarija and {Van Andel}, Ethan},
        title = "{Nyx: A Massively Parallel AMR Code for Computational Cosmology}",
      journal = {\apj},
     keywords = {gravitation, hydrodynamics, methods: numerical, Astrophysics - Instrumentation and Methods for Astrophysics, Astrophysics - Cosmology and Nongalactic Astrophysics},
         year = "2013",
        month = "Mar",
       volume = {765},
       number = {1},
          eid = {39},
        pages = {39},
          doi = {10.1088/0004-637X/765/1/39},
archivePrefix = {arXiv},
       eprint = {1301.4498},
 primaryClass = {astro-ph.IM},
       adsurl = {https://ui.adsabs.harvard.edu/abs/2013ApJ...765...39A},
      adsnote = {Provided by the SAO/NASA Astrophysics Data System}
}

